@article{battaglia2013,
author = "P. W. Battaglia and J. B. Hamrick and J. B. Tenenbaum",
journal = "Proceedings of the National Academy of Sciences",
doi = "10.1073/pnas.1306572110",
issn = "0027-8424",
number = "45",
pages = "18327-18332",
publisher = "Proceedings of the National Academy of Sciences",
title = "Simulation as an engine of physical scene understanding",
volume = "110",
year = "2013",
month = "10",
day = "21"
}
@article{boysen1999,
author = "S. T. Boysen and G. T. Himes",
journal = "Annual Review of Psychology",
doi = "10.1146/annurev.psych.50.1.683",
issn = "0066-4308",
number = "1",
pages = "683-705",
publisher = "Annual Reviews",
title = "CURRENT ISSUES AND EMERGING THEORIES IN ANIMAL COGNITION",
volume = "50",
year = "1999",
month = "02"
}
@article{chatbri2016,
author = "Houssem Chatbri and Keisuke Kameyama and Paul Kwan",
journal = "Pattern Recognition Letters",
doi = "10.1016/j.patrec.2015.04.007",
issn = "0167-8655",
pages = "59-66",
publisher = "Elsevier BV",
title = "A comparative study using contours and skeletons as shape representations for binary image matching",
volume = "76",
year = "2016",
month = "06"
}
@article{dickinson2014,
author = "Sven J. Dickinson and Irving Biederman",
journal = "Computer Vision",
doi = "10.1007/978-0-387-31439-6\_431",
isbn = "9780387307718",
pages = "338-346",
publisher = "Springer Science + Business Media",
title = "Geons",
year = "2014"
}
@article{harrington2009,
author = "Monica Harrington",
journal = "Lab Animal",
doi = "10.1038/laban0709-220a",
issn = "0093-7355",
number = "7",
pages = "220-220",
publisher = "Nature Publishing Group",
title = "Captive rooks master tool use",
volume = "38",
year = "2009",
month = "07"
}
@article{lefebvre2004,
author = "Louis Lefebvre and Simon M. Reader and Daniel Sol",
journal = "Brain, Behavior and Evolution",
doi = "10.1159/000076784",
issn = "1421-9743",
number = "4",
pages = "233-246",
publisher = "S. Karger AG",
title = "Brains, innovations and evolution in birds and primates",
volume = "63",
year = "2004"
}
@article{loncaric1998,
author = "Sven Loncaric",
journal = "Pattern Recognition",
doi = "10.1016/s0031-2023(97)00122-2",
issn = "0031-3203",
number = "8",
pages = "983-1001",
publisher = "Elsevier BV",
title = "A survey of shape analysis techniques",
volume = "31",
year = "1998",
month = "08"
}
@article{navon1977,
author = "David Navon",
journal = "Cognitive Psychology",
doi = "10.1016/0010-0285(77)90012-3",
issn = "0010-0285",
number = "3",
pages = "353-383",
publisher = "Elsevier BV",
title = "Forest before trees: The precedence of global features in visual perception",
volume = "9",
year = "1977",
month = "07"
}
@article{osiurak2014,
author = "Fran{\c c}ois Osiurak",
journal = "Neuropsychology Review",
doi = "10.1007/s11065-014-9260-y",
issn = "1040-7308",
number = "2",
pages = "88-115",
publisher = "Springer Science + Business Media",
title = "What Neuropsychology tells us about human tool use? The Four constraints theory (4CT): Mechanics, space, time, and effort",
volume = "24",
year = "2014",
month = "04",
day = "11"
}
@article{osiurak2014a,
author = "Fran{\c c}ois Osiurak",
journal = "Neuropsychology Review",
doi = "10.1007/s11065-014-9260-y",
issn = "1040-7308",
number = "2",
pages = "88-115",
publisher = "Springer Science + Business Media",
title = "What Neuropsychology tells us about human tool use? The Four constraints theory (4CT): Mechanics, space, time, and effort",
volume = "24",
year = "2014",
month = "04",
day = "11"
}
@article{osiurak2013,
author = "Fran{\c c}ois Osiurak and Christophe Jarry and Mathieu Lesourd and Josselin Baumard and Didier Le Gall",
journal = "Neuropsychologia",
doi = "10.1016/j.neuropsychologia.2013.06.017",
issn = "0028-3932",
number = "10",
pages = "1964-1972",
publisher = "Elsevier BV",
title = "Mechanical problem-solving strategies in left-brain damaged patients and apraxia of tool use",
volume = "51",
year = "2013",
month = "08"
}
@article{robert2012,
author = "Varga Robert and Costea Arthur and Szakats Istvan and Nedevschi Sergiu",
journal = "2012 IEEE 8th International Conference on Intelligent Computer Communication and Processing",
doi = "10.1109/iccp.2012.6356185",
isbn = "9781467329521",
publisher = "Institute of Electrical \& Electronics Engineers (IEEE)",
title = "Efficient real-time contour matching",
year = "2012",
month = "08"
}
@article{veltkamp2001,
author = "Remco C. Veltkamp and Michiel Hagedoorn",
journal = "Principles of Visual Information Retrieval",
doi = "10.1007/978-1-4471-3702-3\_4",
isbn = "9781849968683",
issn = "2191-6586",
pages = "87-119",
publisher = "Springer Science + Business Media",
title = "State of the art in shape matching",
year = "2001"
}
@article{zhang2004,
author = "Dengsheng Zhang and Guojun Lu",
journal = "Pattern Recognition",
doi = "10.1016/j.patcog.2003.07.008",
issn = "0031-3203",
number = "1",
pages = "1-19",
publisher = "Elsevier BV",
title = "Review of shape representation and description techniques",
volume = "37",
year = "2004",
month = "01"
}
@article{zhu2015,
author = "Yixin Zhu and Yibiao Zhao and Song-Chun Zhu",
journal = "2015 IEEE Conference on Computer Vision and Pattern Recognition (CVPR)",
doi = "10.1109/cvpr.2015.7298903",
isbn = "9781467369640",
publisher = "Institute of Electrical \& Electronics Engineers (IEEE)",
title = "Understanding tools: Task-oriented object modeling, learning and recognition",
year = "2015",
month = "06"
}
